<?xml version="1.0" encoding="UTF-8"?><collection xmlns="http://www.loc.gov/MARC21/slim"><record><leader>00382nam--2200121-i-4500</leader><controlfield tag="001">000027168</controlfield><controlfield tag="002">20161230</controlfield><controlfield tag="005">20161230201036</controlfield><controlfield tag="008">060222s1000------------r-----000-0-eng-d</controlfield><datafield ind1=" " ind2=" " tag="080"><subfield code="a">11901</subfield></datafield><datafield ind1=" " ind2=" " tag="100"><subfield code="a">King, Ronold W.P</subfield></datafield><datafield ind1=" " ind2=" " tag="245"><subfield code="a">The theory of linear antennas with charts and tables for practical applications</subfield></datafield><datafield ind1=" " ind2=" " tag="260"><subfield code="a">Cambridge-mass, Harvard University Press, 1956. Xxiv+944p. Cu Fig</subfield></datafield></record></collection>